@article{alves2009beneficios,
  title={Benef{\'\i}cios do caf{\'e} na sa{\'u}de: mito ou realidade?},
  author={Alves, Rita C and Casal, Susana and Oliveira, Beatriz},
  journal={Qu{\'\i}mica Nova},
  volume={32},
  pages={2169--2180},
  year={2009},
  publisher={SciELO Brasil}
}
@article{lopes2018prediccao,
  title={Predi{\c{c}}{\~a}o do pre{\c{c}}o do caf{\'e} Naturais Brasileiro por meio de modelos de statistical machine learning},
  author={Lopes, Lucas Pereira},
  journal={Sigmae},
  volume={7},
  number={1},
  pages={1--16},
  year={2018}
}

@article{lopes2018prediccao,
  title={Predi{\c{c}}{\~a}o do pre{\c{c}}o do caf{\'e} Naturais Brasileiro por meio de modelos de statistical machine learning},
  author={Lopes, Lucas Pereira},
  journal={Sigmae},
  volume={7},
  number={1},
  pages={1--16},
  year={2018}
}

@article{cardoso1960cafe,
  title={O caf{\'e} e a industrializa{\c{c}}{\~a}o da cidade de S{\~a}o Paulo},
  author={Cardoso, Fernando Henrique},
  journal={Revista de Hist{\'o}ria},
  volume={20},
  number={42},
  pages={471--475},
  year={1960}
}